% SAT NP-complete
@inproceedings{cook-art,
   author = {Cook, Stephen A.},
   title = {The Complexity of Theorem-proving Procedures},
   booktitle = {Proceedings of the Third Annual ACM Symposium on Theory of Computing},
   series = {STOC '71},
   year = {1971},
   location = {Shaker Heights, Ohio, USA},
   pages = {151--158},
   numpages = {8},
   url = {http://doi.acm.org/10.1145/800157.805047},
   doi = {10.1145/800157.805047},
   acmid = {805047},
   publisher = {ACM},
   address = {New York, NY, USA},
   note = "[cit. 2018-03-20]",
   key = "Cook article"
}

% SAT
% BMC
@incollection{bmc-art,
   title       = "{Bounded Model Checking}",
   author      = {Armin Biere},
   editor      = {Armin Biere and  Marijn Heule and Hans van Maaren and Toby Walsh},
   booktitle   = "{Handbook of Satisfiability}",
   publisher   = "IOS Press",
   year        = 2009,
   pages       = "457-481",
   chapter     = 14,
   doi       = {10.3233/978-1-58603-929-5-457},
   note = "[cit. 2018-03-07]",
   key = "BMC article"
}

% SMT
@misc{smt
   ,title = "{SAT Modulo Theories}"
   ,author = "{Wikipedia}"
   ,url = "{https://en.wikipedia.org/wiki/Satisfiability_modulo_theories}"
   ,howpublished = "{[online]}"
   ,year = 2018
   ,month = 2
   ,day = 11
   ,note = "[cit. 2018-05-04]"
   ,key = "SMT"
}

@article{smt-de_moura,
  author = {Leonardo de Moura and Nikolaj Bj{\o}rner},
  title = {Satisfiability modulo theories: introduction and applications},
  journal = {Commun. ACM},
  volume = {54},
  number = {9},
  year = {2011},
  pages = {69-77},
  documenturl = {http://dl.acm.org/citation.cfm?id=1995394},
  documenturl = {http://cacm.acm.org/magazines/2011/9/122785-satisfiability-modulo-theories/fulltext},
  note = "[cit. 2018-03-06]",
  key = "SMT De Moura article"
}

@incollection{smt-stanford,
   title       = "{Satisfiability Modulo Theories}",
   author      = {Armin Biere and Marijn Heule and Hans van Maaren and Toby Walsch},
   editor      = {Clark Barrett and Roberto Sebastiani and Sanjit A. Seshia and Cesare Tinelli},
   booktitle   = "{Handbook of Satisfiability}",
   publisher   = "IOS Press",
   year        = 2008,
   pages       = "737-797",
   chapter     = 12,
   note = "[cit. 2017-11-21]",
   key = "SMT article",
}

@book{theories-book,
  author    = {Aaron R. Bradley and Zohar Manna},
  title     = {{The Calculus of Computation}},
  subtitle = {{Decision Procedures with Applications to Verification}},
  publisher = {Springer-Verlag Berlin Heidelberg},
  organization   = "Stanford University",
  year      = 2007,
  pages       = 366,
  isbn      = {978-3-540-74112-1},
  note = "[cit. 2018-03-12]",
  key = "Logical theories book"
}

% ODE
@misc{ode
   ,title = "{Ordinary differential equation}"
   ,author = "{Wikipedia}"
   ,url = "{https://en.wikipedia.org/wiki/Ordinary_differential_equation}"
   ,year = 2018
   ,month = 4
   ,day = 13
   ,howpublished = "{[online]}"
   ,note = "[cit. 2018-05-04]"
   ,key = "ODE"
}

@misc{ode-lec
   ,title = "{Ordinary Differential Equations}"
   ,author = "{Peter Philip}"
   ,organization  = "Department of Mathematics, Ludwig-Maximilians University Munich, Germany"
   ,url = "{http://www.math.lmu.de/~philip/publications/lectureNotes/ODE.pdf}"
   ,year        = 2017
   ,howpublished = "{[online]}"
   ,note = "Lecture notes [cit. 2018-03-07]"
   ,key = "ODE lecture notes"
}

% Řešení ODE
@misc{ode-nsolve
   ,title = "{Numerical methods for ordinary differential equations}"
   ,author = "{Wikipedia}"
   ,url = "{https://en.wikipedia.org/wiki/Numerical_methods_for_ordinary_differential_equations}"
   ,year = 2017
   ,month = 12
   ,day = 3
   ,howpublished = "{[online]}"
   ,note = "[cit. 2018-03-08]"
   ,key = "ODE numerical methods"
}


@article{ode-valid-runge_kutta-art,
   TITLE = {{Validated Explicit and Implicit Runge-Kutta Methods}},
   AUTHOR = {Alexandre dit Sandretto, Julien and Chapoutot, Alexandre},
   URL = {https://hal.archives-ouvertes.fr/hal-01243053},
   JOURNAL = {{Reliable Computing electronic edition}},
   SERIES = {Special issue devoted to material presented at SWIM 2015},
   VOLUME = {22},
   YEAR = {2016},
   MONTH = Jul,
   KEYWORDS = {Differential equations ;  Validated simulation},
   PDF = {https://hal.archives-ouvertes.fr/hal-01243053/file/implicit_rk.pdf},
   HAL_ID = {hal-01243053},
   HAL_VERSION = {v1},
   note = "[cit. 2018-03-07]",
   key = "ODE Runge-Kutta article"
}

@book{ode-nsolve-book,
  author    = {Kendall Atkinson and Weimin Han and Laurent Jay and David E. Stewart},
  title     = {{Numerical Solution of Ordinary Differential Equations}},
  publisher = {{John Wiley} \& {Sons}, {Inc.}},
  organization   = "University of Iowa",
  year      = 2009,
  month     = 2,
  pages       = 272,
  isbn      = {978-0-470-04294-6},
  note = "[cit. 2018-03-09]",
  key = "ODE numerical methods book"
}

@misc{ode-nsolve-intro
   ,title = "{Numerical solution of ordinary differential equations}"
   ,author = "{Ernst Hairer and Christian Lubich}"
   ,organization  = "Université de Gen{\` e}ve and Universität Tübingen"
   ,url = "{https://na.uni-tuebingen.de/~lubich/pcam-ode.pdf}"
   ,year        = 2015
   ,howpublished = "{[online]}"
   ,note = "Introductory text [cit. 2018-03-09]"
   ,key = "ODE numerical methods introductory text"
}

@misc{ode-nsolve-lec
   ,title = "{Numerical Solution of Ordinary Differential Equations}"
   ,author = "{Endre Süli}"
   ,organization  = "Mathematical Institute, University of Oxford"
   ,url = "{https://people.maths.ox.ac.uk/suli/nsodes.pdf}"
   ,year        = 2014
   ,howpublished = "{[online]}"
   ,note = "Lecture notes [cit. 2018-03-09]"
   ,key = "ODE numerical methods lecture notes"
}

% SMT řešič
@misc{opensmt
   ,title = "{OpenSMT}"
   ,author = {Natasha Sharygina}
   ,url = "{http://verify.inf.usi.ch/opensmt}"
   ,year = "2012"
   ,howpublished = "{[online]}"
   ,note = "[cit. 2017-08-16]"
   ,key = "OpenSMT"
}

@conference {opensmt-art,
   title = {The OpenSMT Solver},
   booktitle = {International Conference on Tools and Algorithms for the Construction and Analysis of Systems (TACAS)},
   volume = {6015},
   year = {2010},
   pages = {150-153},
   publisher = {Springer},
   organization = {Springer},
   address = {Paphos, Cyprus},
   doi = "10.1007/978-3-642-12002-2_12",
   author = {Bruttomesso, R. and Pek, E. and Natasha Sharygina and Tsitovich, A.},
   note = "[cit. 2018-03-07]",
   key = "OpenSMT article"
}

% SAT řešič
@misc{minisat
   ,title = "{MiniSAT}"
   ,author = {Niklas Eén and Niklas Sörensson}
   ,url = "{http://minisat.se}"
   ,year = "2008"
   ,howpublished = "{[online]}"
   ,note = "[cit. 2017-08-23]"
   ,key = "MiniSAT"
}

% SMT řešič
@misc{cvc4
   ,title = "{CVC4}"
   ,author = {Kshitij Bansal, Clark Barrett, Francois Bobot}
   ,url = "{http://cvc4.cs.stanford.edu/web/}"
   ,year = "2017"
   ,howpublished = "{[online]}"
   ,note = "[cit. 2017-10-18]"
   ,key = "CVC4"
}

@inproceedings{cvc4-art,
  title     = "{CVC4}",
  author    = "Clark Barrett and Christopher L. Conway and Morgan Deters and
               Liana Hadarean and Dejan Jovanovi{'{c}} and Tim King and
               Andrew Reynolds and Cesare Tinelli",
  url       = "http://www.cs.stanford.edu/~barrett/pubs/BCD+11.pdf",
  booktitle = "Proceedings of the 23rd International Conference on Computer Aided Verification (CAV '11)",
  series    = "Lecture Notes in Computer Science",
  volume    = 6806,
  publisher = "Springer",
  editor    = "Ganesh Gopalakrishnan and Shaz Qadeer",
  pages     = "171--177",
  month     = jul,
  year      = 2011,
  note      = "Snowbird, Utah",
  category  = "Conference Publications"
  ,note = "[cit. 2018-03-25]"
  ,key = "CVC4 article"
}

% SMTLIB
@misc{smtlib,
   title =   {{The Satisfiability Modulo Theories Library (SMT-LIB)}},
   author =  {Clark Barrett and Pascal Fontaine and Cesare Tinelli},
   url = "{http://www.SMT-LIB.org}",
   year =    2016,
   howpublished = "{[online]}",
   note = "[cit. 2017-08-17]",
   key = "SMT-LIB",
}

@misc{smtlib-tutorial-art
   ,title = {{The SMT-LIBv2 Language and Tools: A Tutorial}}
   ,author = {David R. Cok}
   ,organization   = "{GrammaTech}, {Inc.}"
   ,url = "{http://www.grammatech.com/resource/smt/SMTLIBTutorial.pdf}"
   ,howpublished = "{[online]}"
   ,year = 2013
   ,note = "[cit. 2017-11-21]"
   ,key = "SMT-LIB tutorial"
}

@misc{smtlib-reference-art
   ,title = "{The SMT-LIB Standard}, {Version 2.6}"
   ,author =  {Clark Barrett and Pascal Fontaine and Cesare Tinelli}
   ,year = 2017
   ,note = "[cit. 2017-11-21]"
   ,key = "SMT-LIB reference"
}

% ODE řešič (klasický)
@misc{sundials
   ,title = "{SUNDIALS: SUite of Nonlinear and DIfferential/ALgebraic Equation Solvers}"
   ,author = {Carol S. Woodward}
   ,organization = "{LLNL}"
   ,url = "{https://computation.llnl.gov/projects/sundials}"
   ,year = "2005"
   ,howpublished = "{[online]}"
   ,note = "[cit. 2017-08-16]"
   ,key = "SUNDIALS"
}

@article{sundials-art,
   title={{SUNDIALS}: Suite of nonlinear and differential/algebraic equation solvers},
   author={Hindmarsh, Alan C and Brown, Peter N and Grant, Keith E and Lee, Steven L and Serban, Radu and Shumaker, Dan E and Woodward, Carol S},
   journal={ACM Transactions on Mathematical Software (TOMS)},
   volume={31},
   number={3},
   pages={363--396},
   year={2005},
   publisher={ACM},
   note = "[cit. 2017-08-17]",
   key = "SUNDIALS article"
}

% ODE řešič (klasický)
@misc{odeint
   ,title = "{Odeint}"
   ,author = {Karsten Ahnert and Mario Mulansky}
   ,url = "{http://headmyshoulder.github.io/odeint-v2}"
   ,year = "2012"
   ,howpublished = "{[online]}"
   ,note = "[cit. 2017-08-16]"
   ,key = "Odeint"
}

@article{odeint-art
   ,title = "Odeint~--~Solving Ordinary Differential Equations in C++"
   ,author = {K. Ahnert and M. Mulansky}
   ,journal = "{AIP} Conf. Proc. 1389"
   ,pages={1586--1589}
   ,year={2011}
   ,doi = "10.1063/1.3637934"
   ,note = "[cit. 2017-08-17]"
   ,key = "Odeint article"
}

@misc{boost-libs
   ,title = "{Boost Library Documentation}"
   ,author = {Beman Dawes and David Abrahams}
   ,url = "{http://www.boost.org/doc/libs}"
   ,howpublished = "{[online]}"
   ,note = "[cit. 2017-08-26]"
   ,key = "Boost"
}

% SMT+ODE řešič (intervalový)
@misc{dreal
   ,title = "{dReal}"
   ,author = {Jekyll and Skinny Bones}
   ,url = "{http://dreal.github.io}"
   ,year = "2016"
   ,howpublished = "{[online]}"
   ,note = "[cit. 2017-08-16]"
   ,key = "dReal"
}

@article{dreal-smo-art
   ,title = {{Satisfiability Modulo ODEs}}
   ,author = {Sicun Gao and Soonho Kong and Edmund Clarke}
   ,journal = "Formal Methods in Computer-Aided Design ({FMCAD})"
   ,year={2013}
   ,note = "[cit. 2018-03-11]"
   ,key = "dReal article"
}

@inproceedings{dreal-smt-format-art,
   author    = {Kyungmin Bae and Soonho Kong and Sicun Gao},
   title     = {SMT Encoding of Hybrid Systems in dReal},
   booktitle = {ARCH14-15. 1st and 2nd International Workshop on Applied veRification for Continuous and Hybrid Systems},
   editor    = {Goran Frehse and Matthias Althoff},
   series    = {EPiC Series in Computing},
   volume    = {34},
   pages     = {188--195},
   year      = {2015},
   publisher = {EasyChair},
   bibsource = {EasyChair, http://www.easychair.org},
   issn      = {2398-7340},
   url       = {https://easychair.org/publications/paper/4Qr},
   doi       = {10.29007/s3b9},
   note = "[cit. 2018-03-06]",
   key = "dReal SMT format"
}

% SMT+ODE řešič (intervalový)
@misc{isat-ode
   ,title = "{iSAT-ODE}"
   ,author = {Jürgen Niehaus}
   ,organization = "{AVACS}"
   ,url = "{http://www.avacs.org/tools/isatode}"
   ,year = "2010"
   ,howpublished = "{[online]}"
   ,note = "[cit. 2017-08-16]"
   ,key = "iSAT-ODE"
}

@article{isat-ode-art
   ,title = "Improving {SAT} modulo {ODE} for hybrid systems analysis by combining different enclosure methods"
   ,author = {A. Eggers and N. Ramdani and N.S. Nedialkov and M. Fränzle}
   ,journal = "International Conference on Software Engineering and Formal Methods ({SEFM})"
   ,volume={9}
   ,publisher = {LNCS}
   ,year={2011}
   ,note = "[cit. 2018-03-11]"
   ,key = "iSAT-ODE article"
}

@misc{vnode-lp
   ,title = "{VNODE-LP}--a validated solver for initial value problems in ordinary differential equations"
   ,author = {N.S. Nedialkov}
   ,url = "{http://www.cas.mcmaster.ca/~nedialk/vnodelp}"
   ,year = 2006
   ,organization = "Department of Computing and Software, McMaster University, Hamilton"
   ,howpublished = "{[online]}"
   ,note = "[cit. 2017-08-20]"
   ,key = "VNODE-LP"
}

@article{hydlogic-art
   ,title = {An interval-based {SAT} modulo {ODE} solver for model checking nonlinear hybrid systems}
   ,author = {Daisuke Ishii and Kazunori Ueda and Hiroshi Hosobe}
   ,journal = "International Journal on Software Tools for Technology Transfer ({STTT})"
   ,volume    = {13}
   ,number = {5}
   ,pages     = {449--461}
   ,year={2011}
   ,note = "[cit. 2018-03-11]"
   ,key = "hydlogic article"
}
